<record><leader>00000cas a22000007a 4500</leader><controlfield tag="001">19918982</controlfield><controlfield tag="008">890623d19592005nduwr ne      0    0eng d</controlfield><datafield ind1=" " ind2=" " tag="010"><subfield code="a">sn 88076011 </subfield></datafield><datafield ind1=" " ind2=" " tag="040"><subfield code="a">NOP</subfield><subfield code="b">eng</subfield><subfield code="c">NOP</subfield><subfield code="d">HND</subfield><subfield code="d">OCLCQ</subfield></datafield><datafield ind1=" " ind2=" " tag="042"><subfield code="a">msc</subfield></datafield><datafield ind1="0" ind2="4" tag="245"><subfield code="a">The Steele ozone-press.</subfield></datafield><datafield ind1="3" ind2=" " tag="246"><subfield code="a">Steele ozone and Kidder County press</subfield></datafield><datafield ind1=" " ind2=" " tag="260"><subfield code="a">Steele, N. Dak. :</subfield><subfield code="b">Harold L. Hanson, 1959-2005.</subfield></datafield><datafield ind1=" " ind2=" " tag="300"><subfield code="a">v. :</subfield><subfield code="b">ill. ;</subfield><subfield code="c">41-58 cm.</subfield></datafield><datafield ind1=" " ind2=" " tag="310"><subfield code="a">Weekly</subfield></datafield><datafield ind1="0" ind2=" " tag="362"><subfield code="a">Vol. 75, no. 42 Ozone = v. 49, no. 22 Press (July 9, 1959)-v. 120, no. 15 Ozone = vol. 99, no. 35 Press (Dec. 21, 2005).</subfield></datafield><datafield ind1=" " ind2=" " tag="500"><subfield code="a">"Official newspaper, City of Steele, Kidder County."</subfield></datafield><datafield ind1=" " ind2=" " tag="500"><subfield code="a">Special centennial edition published June 17, 1981.</subfield></datafield><datafield ind1=" " ind2=" " tag="515"><subfield code="a">Not published: Jan. 1, 1975.</subfield></datafield><datafield ind1=" " ind2=" " tag="530"><subfield code="a">Available on microfilm from the State Historical Society of North Dakota.</subfield></datafield><datafield ind1=" " ind2=" " tag="752"><subfield code="a">United States</subfield><subfield code="b">North Dakota</subfield><subfield code="c">Kidder</subfield><subfield code="d">Steele.</subfield></datafield><datafield ind1="0" ind2="0" tag="780"><subfield code="t">Steele ozone and Kidder County farmers press</subfield><subfield code="w">(DLC)sn 88076010</subfield></datafield><datafield ind1="0" ind2="0" tag="785"><subfield code="t">Steele ozone and Kidder County press</subfield><subfield code="w">(OCoLC)537339514</subfield></datafield><datafield ind1="1" ind2=" " tag="029"><subfield code="a">AU@</subfield><subfield code="b">000041615083</subfield></datafield></record>